<collection xmlns="http://www.loc.gov/MARC21/slim">
   <record>
      <leader>01963cam a22003133i 4500</leader>
      <controlfield tag="001">6849461</controlfield>
      <controlfield tag="003">OCoLC</controlfield>
      <controlfield tag="005">20150120115055.9</controlfield>
      <controlfield tag="008">141229s2015    njua     b    001 0 eng d</controlfield>
      <datafield ind1=" " ind2=" " tag="020">
         <subfield code="a">9781118914588 (looseleaf)</subfield>
      </datafield>
      <datafield ind1=" " ind2=" " tag="035">
         <subfield code="a">ocn898909528</subfield>
      </datafield>
      <datafield ind1=" " ind2=" " tag="040">
         <subfield code="a">YDXCP</subfield>
         <subfield code="b">eng</subfield>
         <subfield code="c">YDXCP</subfield>
         <subfield code="d">BTCTA</subfield>
         <subfield code="d">BDX</subfield>
         <subfield code="d">OCLCQ</subfield>
         <subfield code="d">AVC</subfield>
      </datafield>
      <datafield ind1=" " ind2=" " tag="090">
         <subfield code="a">QR 41.2 B58 2015</subfield>
         <subfield code="b">AVC</subfield>
      </datafield>
      <datafield ind1="1" ind2=" " tag="100">
         <subfield code="a">Black, Jacquelyn G.,</subfield>
         <subfield code="e">author.</subfield>
         <subfield code="0">http://id.loc.gov/authorities/names/n88152867</subfield>
         <subfield code="0">http://viaf.org/viaf/29752257</subfield>
      </datafield>
      <datafield ind1="1" ind2="0" tag="245">
         <subfield code="a">Microbiology :</subfield>
         <subfield code="b">principles and explorations /</subfield>
         <subfield code="c">Jacquelyn G. Black, Laura J. Black.</subfield>
      </datafield>
      <datafield ind1=" " ind2=" " tag="250">
         <subfield code="a">Ninth edition</subfield>
      </datafield>
      <datafield ind1=" " ind2=" " tag="264">
         <subfield code="a">Hoboken, NJ :</subfield>
         <subfield code="b">John Wiley,</subfield>
         <subfield code="c">[2015]</subfield>
      </datafield>
      <datafield ind1=" " ind2=" " tag="300">
         <subfield code="a">xx, 940 loose-leaf pages :</subfield>
         <subfield code="b">colour illustrations ;</subfield>
         <subfield code="c">27 cm.</subfield>
      </datafield>
      <datafield ind1=" " ind2=" " tag="336">
         <subfield code="a">text</subfield>
         <subfield code="b">txt</subfield>
         <subfield code="2">rdacontent</subfield>
         <subfield code="0">http://id.loc.gov/vocabulary/contentTypes/txt</subfield>
      </datafield>
      <datafield ind1=" " ind2=" " tag="337">
         <subfield code="a">unmediated</subfield>
         <subfield code="b">n</subfield>
         <subfield code="2">rdamedia</subfield>
         <subfield code="0">http://id.loc.gov/vocabulary/mediaTypes/n</subfield>
      </datafield>
      <datafield ind1=" " ind2=" " tag="520">
         <subfield code="a">"Microbiology: Principles and Explorations has been a best-selling textbook for several editions due to the author's engaging writing style where her passion for the subject shines through the narrative. The text's student-friendly approach provides readers with an excellent introduction to the study of Microbiology. This text is appropriate for non-major and mixed major microbiology courses, as well as allied health, agriculture and food sciences courses"-- Provided by publisher.</subfield>
      </datafield>
      <datafield ind1=" " ind2=" " tag="504">
         <subfield code="a">Includes bibliographical material and index.</subfield>
      </datafield>
      <datafield ind1=" " ind2=" " tag="596">
         <subfield code="a">52</subfield>
      </datafield>
      <datafield ind1=" " ind2="0" tag="650">
         <subfield code="a">Microbiology</subfield>
         <subfield code="v">Textbooks.</subfield>
      </datafield>
      <datafield ind1="1" ind2=" " tag="700">
         <subfield code="a">Black, Laura J.,</subfield>
         <subfield code="e">author.</subfield>
         <subfield code="0">http://id.loc.gov/authorities/names/nb2008009393</subfield>
         <subfield code="0">http://viaf.org/viaf/95349714</subfield>
      </datafield>
      <datafield ind1=" " ind2=" " tag="758">
         <subfield code="0">http://worldcat.org/entity/work/id/223245393</subfield>
      </datafield>
      <datafield ind1="0" ind2=" " tag="787">
         <subfield code="n">OCLC Work Id</subfield>
         <subfield code="o">http://worldcat.org/entity/work/id/223245393</subfield>
      </datafield>
      <datafield ind1=" " ind2=" " tag="949">
         <subfield code="a">QR 41.2 B58 2015</subfield>
         <subfield code="w">LC</subfield>
         <subfield code="h">LKLL-B</subfield>
         <subfield code="i">38288001110417</subfield>
         <subfield code="l">IN_PROCESS</subfield>
      </datafield>
      <datafield ind1=" " ind2=" " tag="926">
         <subfield code="a">QR 41.2 B58 2015</subfield>
         <subfield code="w">LC</subfield>
         <subfield code="c">1</subfield>
         <subfield code="i">38288001110417</subfield>
         <subfield code="d">4/14/2016</subfield>
         <subfield code="e">3/28/2016</subfield>
         <subfield code="f">3/31/2015</subfield>
         <subfield code="g">1</subfield>
         <subfield code="l">ON_SHELF</subfield>
         <subfield code="m">LAKELND_LL</subfield>
         <subfield code="n">3</subfield>
         <subfield code="p">$150.00</subfield>
         <subfield code="r">Y</subfield>
         <subfield code="s">Y</subfield>
         <subfield code="t">BOOK</subfield>
         <subfield code="u">3/6/2015</subfield>
      </datafield>
   </record>
</collection>
